 @misc{ wiki:levenshtein,
   author = "{Wikipedia contributors}",
   title = "levenshtein distance",
   year = "2020",
   url = "https://en.wikipedia.org/wiki/Wikipedia:Citing_Wikipedia#BibTeX_entry",
   note = "[Online; accessed 19-April-2020]"
 }

 @misc{j2kun_2014, title={Metrics on Words}, url={https://jeremykun.com/2011/12/19/metrics-on-words/}, journal={Math âˆ© Programming}, author={Jeremy Kun}, year={2014}, month={May}}